@inproceedings{Nguyen2018,
  author={Dai Quoc Nguyen and Tu Dinh Nguyen and Dat Quoc Nguyen and Dinh Phung},
  title={A Novel Embedding Model for Knowledge Base Completion Based on Convolutional Neural Network},
  booktitle={Proceedings of the 16th Annual Conference of the North American Chapter of the Association for Computational Linguistics: Human Language Technologies (NAACL-HLT)},
  pages={327--333},
  year={2018}
}

@inproceedings{NIPS2013_1cecc7a7,
 author = {Bordes, Antoine and Usunier, Nicolas and Garcia-Duran, Alberto and Weston, Jason and Yakhnenko, Oksana},
 booktitle = {Advances in Neural Information Processing Systems},
 editor = {C. J. C. Burges and L. Bottou and M. Welling and Z. Ghahramani and K. Q. Weinberger},
 pages = {},
 publisher = {Curran Associates, Inc.},
 title = {Translating Embeddings for Modeling Multi-relational Data},
 url = {https://proceedings.neurips.cc/paper/2013/file/1cecc7a77928ca8133fa24680a88d2f9-Paper.pdf},
 volume = {26},
 year = {2013}
}

@misc{schlichtkrull2017modeling,
      title={Modeling Relational Data with Graph Convolutional Networks}, 
      author={Michael Schlichtkrull and Thomas N. Kipf and Peter Bloem and Rianne van den Berg and Ivan Titov and Max Welling},
      year={2017},
      eprint={1703.06103},
      archivePrefix={arXiv},
      primaryClass={stat.ML}
}

@misc{intro2kg,
      title={An Introduction to Knowledge Graphs}, 
      author={ Vinay K. Chaudhri, Naren Chittar, Michael Genesereth },
      year={2021},
      url = {http://ai.stanford.edu/blog/introduction-to-knowledge-graphs/},
}

