@misc{wang2021multihop,
      title={Multi-hop Attention Graph Neural Network}, 
      author={Guangtao Wang and Rex Ying and Jing Huang and Jure Leskovec},
      year={2021},
      eprint={2009.14332},
      archivePrefix={arXiv},
      primaryClass={cs.LG}
}