@misc{kipf2017semisupervised,
      title={Semi-Supervised Classification with Graph Convolutional Networks}, 
      author={Thomas N. Kipf and Max Welling},
      year={2017},
      eprint={1609.02907},
      archivePrefix={arXiv},
      primaryClass={cs.LG}
}

@article{intrognn2020,
author = {Liu, Zhiyuan and Zhou, Jie},
year = {2020},
month = {03},
pages = {1-127},
title = {Introduction to Graph Neural Networks},
volume = {14},
journal = {Synthesis Lectures on Artificial Intelligence and Machine Learning},
doi = {10.2200/S00980ED1V01Y202001AIM045}
}